<?xml version="1.0" encoding="UTF-8"?><collection xmlns="http://www.loc.gov/MARC21/slim"><record><leader>00365nam--2200121-i-4500</leader><controlfield tag="001">000046621</controlfield><controlfield tag="002">20161230</controlfield><controlfield tag="005">20161230201046</controlfield><controlfield tag="008">060222s1000------------r-----000-0-eng-d</controlfield><datafield ind1=" " ind2=" " tag="080"><subfield code="a">621.384.634(048)</subfield></datafield><datafield ind1=" " ind2=" " tag="245"><subfield code="a">Verzeichnis der veroffentlichungen des hamburger synchrotronstrahlungslabors hasylab am desy 1981-1984</subfield></datafield><datafield ind1=" " ind2=" " tag="260"><subfield code="a">Hamburg, Desy, 1982, 61p</subfield></datafield><datafield ind1=" " ind2=" " tag="852"><subfield code="a">D.2182</subfield></datafield></record></collection>